NÃO FUNCIONA
@misc{sea2future,
  author       = {Sea2Future},
  title        = {},
  howpublished = {\url{https://sea2future.pt/index.html}},
  note         = {Acedido em: 2024-10-16},
  year         = {2024}
}

@misc{sea2future2,
  author       = {Escola Superior Náutica Infante D. Henrique},
  title        = {Sea2Future},
  howpublished = {\url{https://www.enautica.pt/pt/projetos-7/projetos-id-186/sea2future/sea2future-1072}},
  note         = {Acedido em: 2024-10-16},
  year         = {2024}
}

@misc{espsoftwareserial,
  author       = {Dirk Kaar, Peter Lerup},
  title        = {EspSoftwareSerial},
  howpublished = {\url{https://docs.arduino.cc/libraries/espsoftwareserial/}},
  note         = {Acedido em: 2024-10-16},
  year         = {2024}
}

@misc{sr-surveyor-class,
  author       = {SeaRobotics},
  title        = {SR SURVEYOR CLASS Intelligent, Integrated and Portable},
  howpublished = {\url{https://www.searobotics.com/products/autonomous-surface-vehicles/sr-surveyor-class}},
  note         = {Acedido em: 2024-10-22},
  year         = {2024}
}

@misc{c-cat-3-asv,
  author       = {L3Harris Technologies},
  title        = {C-Cat 3 ASV},
  howpublished = {\url{https://www.l3harris.com/all-capabilities/c-cat-3-asv}},
  note         = {Acedido em: 2024-10-12},
  year         = {2024}
}

@misc{C-Cat-3-data-sheet,
  author       = {L3Harris Technologies},
  title        = {C-CAT 3 AUTONOMOUS SURFACE VEHICLE (ASV)},
  howpublished = {\url{https://www.l3harris.com/sites/default/files/2022-06/ims-maritime-asv-C-Cat-3-data-sheet.pdf}},
  note         = {Acedido em: 2024-10-16},
  year         = {2024}
}

@misc{wave-glider,
  author       = {Liquid Robotics},
  title        = {Reimagine Ocean Monitoring and Operations. Uncrewed Robots Powered by
Nature.},
  howpublished = {\url{https://www.liquid-robotics.com/wave-glider/overview/}},
  note         = {Acedido em: 2024-11-04},
  year         = {2024}
}

@misc{sr-surveyor-image,
  author       = {SeaRobotics},
  howpublished = {\url{https://www.searobotics.com/images/products/asvs/sr-surveyorm18-truck-bed-700x490.jpg}},
  note         = {Acedido em: 2024-11-04},
  year         = {2024}
}

@misc{comparison-between-motion-sensors-mpu-6050-and-mpu9250,
  author       = {Aniket Fasate},
  title        = {Mastering Motion Sensing: A Comprehensive Guide to the MPU6050 and MPU9250},
  howpublished = {\url{https://medium.com/@fasateaniket5/motion-sensors-mpu-6050-and-mpu9250-e86467e9a237}},
  note         = {Acedido em: 2024-11-18},
  year         = {2024}
}

@misc{comparison-between-gps-modules,
  author       = {V-22},
  title        = {Differences between BN-180, BN-200, BN-220, BN280 and BN-880},
  howpublished = {\url{https://intofpv.com/t-differences-between-bn-180-bn-200-bn-220-bn280-and-bn-880#gallery}},
  note         = {Acedido em: 2024-11-18},
  year         = {2024}
}

@article{didactic-robot-thesis,
    author = {Alexandre Figueiredo e Daniela Gonçalves},
    title = {Desenvolvimento de robô didático},
    school = {Instituto Superior de Engenharia de Lisboa},
    year = 2023,
    note = {Projeto de Fim de Licenciatura}
}

@misc{imagem-yaw-pitch-roll,
  author       = {MechanicalElements},
  title        = {Does Your Trailer Have Attitude?},
  howpublished = {\url{https://mechanicalelements.com/trailer-attitude-pitch-yaw-roll/}},
  note         = {Acedido em: 2024-12-02},
  year         = {2024}
}

@misc{help-gps,
  author       = {DDKNav},
  title        = {GNSS Notes},
  howpublished = {\url{https://www.ddknav.com/help-gps/}},
  note         = {Acedido em: 2024-12-02},
  year         = {2024}
}

@misc{pplware-lora,
  author       = {Pplware},
  title        = {Recorde: Comunicação com Lora chega aos 1336 km (Portugal)},
  howpublished = {\url{https://pplware.sapo.pt/high-tech/recorde-comunicacao-com-lora-chega-aos-1336-km-portugal/}},
  note         = {Acedido em: 2024-12-10},
  year         = {2024}
}

@misc{datasheet-endura-c2,
  author       = {Minn Kota},
  title        = {Datasheet Endura C2},
  howpublished = {\url{https://productimageserver.com/literature/ownersManual/39736OM.pdf}},
  note         = {Acedido em: 2025-01-02},
  year         = {2025}
}

@misc{thrusters-ubuy,
  author       = {Amazon},
  title        = {1000KV Underwater Brushless Motor Clockwise with with 4-Blade Propellers 12-24V Waterproof Electric Motor Drive Engine for RC Bait Boat Nest Ship},
  howpublished = {\url{https://m.media-amazon.com/images/I/613VJD516fL._AC_SL1500_.jpg}},
  note         = {Acedido em: 2025-09-13},
  year         = {2025}
}

@misc{apisqueen-underwater-thruster,
  author       = {APISQUEEN},
  title        = {U01 12V~16V 2Kg Thrust Brushless Underwater Thruster/Propeller/propulsion With Bi-directional control ESC For ROV Boat},
  howpublished = {\url{https://www.underwaterthruster.com/products/u01-12v-16v-200w-2kg-thrust-brushless-underwater-subsea-thruster-propeller-propulsion-with-bi-directional-control-esc-for-rov-boat}},
  note         = {Acedido em: 2025-09-13},
  year         = {2025}
}

@article{catamara-telecomandado,
    author = {Joaquim Pereira, Mateus Russo, Ruben Reis e Gabriel Veiga},
    title = {Catamarã Telecomandado},
    school = {Escola Superior Náutica Infante D. Henrique},
    year = 2025
}

@misc{github-usv,
  author       = {Alexandre Figueiredo},
  title        = {USV},
  howpublished = {\url{https://github.com/AlexFigas/USV}},
  note         = {Acedido em: 2025-09-16},
  year         = {2025}
}

@misc{9dof,
  author       = {Embedded Computing Design},
  title        = {Basics of 6DOF and 9DOF sensor fusion},
  howpublished = {\url{https://embeddedcomputing.com/technology/analog-and-power/basics-of-6dof-and-9dof-sensor-fusion}},
  note         = {Acedido em: 2025-09-21},
  year         = {2025}
}

https://www.gpsworld.com/what-exactly-is-gps-nmea-data/
@misc{nmea,
  author       = {GPS World},
  title        = {What exactly is GPS NMEA data?},
  howpublished = {\url{https://www.gpsworld.com/what-exactly-is-gps-nmea-data/}},
  note         = {Acedido em: 2025-09-21},
  year         = {2025}
}

@misc{escolanaval-repmus,
  author       = {{Escola Naval}},
  title        = {Naval REX(UP) -- Projeto de investigação integrado no exercício REPMUS25},
  year         = {2025},
  howpublished = {\url{https://escolanaval.marinha.pt/pt/investigacao_web/Paginas/Naval-REX(UP).aspx}},
  note         = {Acedido em: 2025-09-24}
}

@misc{iddportugal-repmus,
  author       = {{IDD Portugal}},
  title        = {Exercício REPMUS25},
  year         = {2025},
  howpublished = {\url{https://www.iddportugal.pt/agenda/exercicio-repmus25/}},
  note         = {Acedido em: 2025-09-24}
}

@misc{sapo-repmus,
  author       = {{SAPO}},
  title        = {Escola Náutica reforça presença portuguesa no maior exercício mundial de robótica marítima},
  year         = {2025},
  howpublished = {\url{https://sapo.pt/artigo/escola-nautica-reforca-presenca-portuguesa-no-maior-exercicio-mundial-de-robotica-maritima-68c435dc0e9d7127e2de960f}},
  note         = {Acedido em: 2025-09-24}
}

@misc{saildrone,
  author       = {{Saildrone}},
  title        = {The World's Most Capable USVs},
  year         = {2025},
  howpublished = {\url{https://www.saildrone.com/technology/vehicles}},
  note         = {Acedido em: 2025-09-27}
}

@misc{bivocom-lte-vs-lora,
  author       = {Bivocom},
  title        = {Will LoRa Replace 4G LTE in IoT?},
  year         = {2024},
  howpublished = {\url{https://www.bivocom.com/industry-trend/will-lora-replace-4g-lte-in-iot}},
  note         = {Acedido em: 2025-09-27}
}

@misc{digi-xbee-specs,
  author       = {Digi International},
  title        = {Digi XBee® Zigbee — Outdoor / Line-of-Sight Range and Power Specs},
  year         = {2025},
  howpublished = {\url{https://www.digi.com/products/embedded-systems/digi-xbee/rf-modules/2-4-ghz-rf-modules/xbee-zigbee}},
  note         = {Acedido em: 2025-09-27}
}

@misc{xbee-range-comparison,
  author       = {Digi International},
  title        = {XBee Family Features Comparison — Range, Power, Data Rate},
  year         = {2025},
  howpublished = {\url{https://media.digikey.com/pdf/other%20related%20documents/digi%20international%20other%20doc/xbee_rf_features_chart.pdf}},
  note         = {Acedido em: 2025-09-27}
}

@misc{wikipedia-lte,
  author       = {{Wikipédia}},
  title        = {Long Term Evolution},
  year         = {2025},
  howpublished = {\url{https://pt.wikipedia.org/wiki/Long_Term_Evolution}},
  note         = {Acedido em: 2025-09-27}
}

@misc{wikipedia-4g,
  author       = {{Wikipédia}},
  title        = {4G},
  year         = {2025},
  howpublished = {\url{https://pt.wikipedia.org/wiki/4G}},
  note         = {Acedido em: 2025-09-27}
}

@misc{digi-xbee,
  author       = {{Digi International}},
  title        = {Digi XBee\textregistered{} RF Modules},
  year         = {2025},
  howpublished = {\url{https://www.digi.com/products/embedded-systems/digi-xbee}},
  note         = {Acedido em: 2025-09-27}
}

@misc{madgwick-filter,
  author       = {{AHRS Documentation}},
  title        = {Madgwick Filter},
  year         = {2025},
  howpublished = {\url{https://ahrs.readthedocs.io/en/latest/filters/madgwick.html}},
  note         = {Acedido em: 2025-09-28}
}

@misc{google-protobuf,
  author       = {{Google}},
  title        = {Protocol Buffers Documentation},
  year         = {2025},
  howpublished = {\url{https://protobuf.dev/}},
  note         = {Acedido em: 2025-09-28}
}

@misc{ttn-lora-phy-format,
  author       = {{The Things Network}},
  title        = {LoRa Physical Layer Packet Format},
  year         = {2025},
  howpublished = {\url{https://www.thethingsnetwork.org/docs/lorawan/lora-phy-format/}},
  note         = {Acedido em: 2025-09-28}
}

@misc{tinygpsplus,
  author       = {Mikal Hart},
  title        = {TinyGPSPlus: A New, Improved GPS Library for Arduino},
  year         = {2025},
  howpublished = {\url{https://github.com/mikalhart/TinyGPSPlus}},
  note         = {Acedido em: 2025-09-28}
}

@misc{gminsights-autonomous-marine-vehicle,
  author       = {{Global Market Insights}},
  title        = {Autonomous Marine Vehicle Market Size, Share and Forecast Report 2024-2032},
  year         = {2024},
  howpublished = {\url{https://www.gminsights.com/industry-analysis/autonomous-marine-vehicle-market}},
  note         = {Acedido em: 2025-10-07}
}

@online{isel-repmus,
  author    = {Instituto Superior de Engenharia de Lisboa},
  title     = {ISEL marca presença no exercício internacional de robótica marítima naval REX25 / REPMUS},
  year      = {2025},
  url       = {https://www.isel.pt/noticias/isel-marca-presenca-no-exercicio-internacional-de-robotica-maritima-naval-rex25-repmus},
  note      = {Acedido em: 2025-10-07}
}

@online{enidh-repmus,
  author    = {Escola Superior Náutica Infante D. Henrique},
  title     = {Escola Superior Náutica reforça presença portuguesa no maior exercício mundial de robótica marítima},
  year      = {2025},
  url       = {https://www.enautica.pt/pt/enidh/noticias-23/escola-superior-nautica-reforca-presenca-portuguesa-no-maior-exercicio-mundial-de-robotica-maritima-2115},
  note      = {Acedido em: 2025-10-07}
}

@online{sapo-repmus,
  author    = {SAPO},
  title     = {Escola Náutica reforça presença portuguesa no maior exercício mundial de robótica marítima},
  year      = {2025},
  url       = {https://sapo.pt/artigo/escola-nautica-reforca-presenca-portuguesa-no-maior-exercicio-mundial-de-robotica-maritima-68c435dc0e9d7127e2de960f},
  note      = {Acedido em: 2025-10-07}
}
